% Semantics: general

@article{hoare:axiomatic,
      author = {Hoare, C. A. R.},
      title = {An Axiomatic Basis for Computer Programming},
      journal = {Commun. ACM},
      volume = {12},
      number = {10},
      month = oct,
      year = {1969},
      pages = {576--580},
      doi = {10.1145/363235.363259},
}

% Semantics: PLC

@inproceedings{biha:plc_sem1,
      author={S. {Ould Biha}},
      booktitle={2011 IEEE 35th Annual Computer Software and Applications
      Conference}, 
      title={A Formal Semantics of PLC Programs in Coq}, 
      year={2011},
      volume={},
      number={},
      pages={118-127},
      doi={10.1109/COMPSAC.2011.23}
}

@inproceedings{biha:plc_sem2,
      author={Blech J.O. and Ould Biha S.},
      year= 2011,
      title={Verification of PLC Properties Based on Formal Semantics in Coq},
      booktitle={Software Engineering and Formal Methods (SEFM 2011)},
      doi={10.1007/978-3-642-24690-6_6}
}

@article{biha:plc_sem3,
      author    = {Jan Olaf Blech and Sidi Ould Biha},
      title     = {On Formal Reasoning on the Semantics of {PLC} using Coq},
      journal   = {CoRR},
      volume    = {abs/1301.3047},
      year      = {2013},
      url       = {http://arxiv.org/abs/1301.3047},
}

@inproceedings{heiner:petri,
      title={A Petri net semantics for the PLC language Instruction List},
      author={Heiner, Monika and Menzel, Thomas},
      year={1998}
}
